@inproceedings{zeng2017multi,
  title={Multi-view self-supervised deep learning for 6d pose estimation in the amazon picking challenge},
  author={Zeng, Andy and Yu, Kuan-Ting and Song, Shuran and Suo, Daniel and Walker, Ed and Rodriguez, Alberto and Xiao, Jianxiong},
  booktitle={Robotics and Automation (ICRA), 2017 IEEE International Conference on},
  pages={1386--1383},
  year={2017},
  organization={IEEE}
}

@article{wong2017segicp,
  title={SegICP: Integrated Deep Semantic Segmentation and Pose Estimation},
  author={Wong, Jay M and Kee, Vincent and Le, Tiffany and Wagner, Syler and Mariottini, Gian-Luca and Schneider, Abraham and Hamilton, Lei and Chipalkatty, Rahul and Hebert, Mitchell and Johnson, David and others},
  journal={arXiv preprint arXiv:1703.01661},
  year={2017}
}

@article{hara2017growing,
  title={Growing Regression Tree Forests by Classification for Continuous Object Pose Estimation},
  author={Hara, Kota and Chellappa, Rama},
  journal={International Journal of Computer Vision},
  volume={122},
  number={2},
  pages={292--312},
  year={2017},
  publisher={Springer}
}

@article{belhumeur2013localizing,
  title={Localizing parts of faces using a consensus of exemplars},
  author={Belhumeur, Peter N and Jacobs, David W and Kriegman, David J and Kumar, Neeraj},
  journal={IEEE transactions on pattern analysis and machine intelligence},
  volume={35},
  number={12},
  pages={2930--2940},
  year={2013},
  publisher={IEEE}
}

@inproceedings{sagonas2013semi,
  title={A semi-automatic methodology for facial landmark annotation},
  author={Sagonas, Christos and Tzimiropoulos, Georgios and Zafeiriou, Stefanos and Pantic, Maja},
  booktitle={Proceedings of the IEEE Conference on Computer Vision and Pattern Recognition Workshops},
  pages={896--903},
  year={2013}
}

@inproceedings{chen2014joint,
  title={Joint cascade face detection and alignment},
  author={Chen, Dong and Ren, Shaoqing and Wei, Yichen and Cao, Xudong and Sun, Jian},
  booktitle={European Conference on Computer Vision},
  pages={109--122},
  year={2014},
  organization={Springer}
}

@inproceedings{shen2015supervised,
  title={Supervised discrete hashing},
  author={Shen, Fumin and Shen, Chunhua and Liu, Wei and Tao Shen, Heng},
  booktitle={Proceedings of the IEEE Conference on Computer Vision and Pattern Recognition},
  pages={37--45},
  year={2015}
}

@article{kouskouridas2016latent,
  title={Latent-class hough forests for 6 dof object pose estimation},
  author={Kouskouridas, Rigas and Tejani, Alykhan and Doumanoglou, Andreas and Tang, Danhang and Kim, Tae-Kyun},
  journal={arXiv preprint arXiv:1602.01464},
  year={2016}
}

@inproceedings{brachmann2016uncertainty,
  title={Uncertainty-driven 6d pose estimation of objects and scenes from a single rgb image},
  author={Brachmann, Eric and Michel, Frank and Krull, Alexander and Ying Yang, Michael and Gumhold, Stefan and others},
  booktitle={Proceedings of the IEEE Conference on Computer Vision and Pattern Recognition},
  pages={3364--3372},
  year={2016}
}

@inproceedings{sun2015cascaded,
  title={Cascaded hand pose regression},
  author={Sun, Xiao and Wei, Yichen and Liang, Shuang and Tang, Xiaoou and Sun, Jian},
  booktitle={Proceedings of the IEEE Conference on Computer Vision and Pattern Recognition},
  pages={824--832},
  year={2015}
}

@inproceedings{wohlhart2015learning,
  title={Learning descriptors for object recognition and 3d pose estimation},
  author={Wohlhart, Paul and Lepetit, Vincent},
  booktitle={Proceedings of the IEEE Conference on Computer Vision and Pattern Recognition},
  pages={3109--3118},
  year={2015}
}

@inproceedings{brachmann2014learning,
  title={Learning 6d object pose estimation using 3d object coordinates},
  author={Brachmann, Eric and Krull, Alexander and Michel, Frank and Gumhold, Stefan and Shotton, Jamie and Rother, Carsten},
  booktitle={European conference on computer vision},
  pages={536--551},
  year={2014},
  organization={Springer}
}

@inproceedings{tejani2014latent,
  title={Latent-class hough forests for 3D object detection and pose estimation},
  author={Tejani, Alykhan and Tang, Danhang and Kouskouridas, Rigas and Kim, Tae-Kyun},
  booktitle={European Conference on Computer Vision},
  pages={462--477},
  year={2014},
  organization={Springer}
}
@inproceedings{tang2014latent,
  title={Latent regression forest: Structured estimation of 3d articulated hand posture},
  author={Tang, Danhang and Jin Chang, Hyung and Tejani, Alykhan and Kim, Tae-Kyun},
  booktitle={Proceedings of the IEEE Conference on Computer Vision and Pattern Recognition},
  pages={3786--3793},
  year={2014}
}

@inproceedings{hinterstoisser2011multimodal,
  title={Multimodal templates for real-time detection of texture-less objects in heavily cluttered scenes},
  author={Hinterstoisser, Stefan and Holzer, Stefan and Cagniart, Cedric and Ilic, Slobodan and Konolige, Kurt and Navab, Nassir and Lepetit, Vincent},
  booktitle={Computer Vision (ICCV), 2011 IEEE International Conference on},
  pages={858--865},
  year={2011},
  organization={IEEE}
}

@article{gall2011hough,
  title={Hough forests for object detection, tracking, and action recognition},
  author={Gall, Juergen and Yao, Angela and Razavi, Nima and Van Gool, Luc and Lempitsky, Victor},
  journal={IEEE transactions on pattern analysis and machine intelligence},
  volume={33},
  number={11},
  pages={2188--2202},
  year={2011},
  publisher={IEEE}
}

@article{hinterstoisser2012gradient,
  title={Gradient response maps for real-time detection of textureless objects},
  author={Hinterstoisser, Stefan and Cagniart, Cedric and Ilic, Slobodan and Sturm, Peter and Navab, Nassir and Fua, Pascal and Lepetit, Vincent},
  journal={IEEE Transactions on Pattern Analysis and Machine Intelligence},
  volume={34},
  number={5},
  pages={876--888},
  year={2012},
  publisher={IEEE}
}

@inproceedings{drost2010model,
  title={Model globally, match locally: Efficient and robust 3D object recognition},
  author={Drost, Bertram and Ulrich, Markus and Navab, Nassir and Ilic, Slobodan},
  booktitle={Computer Vision and Pattern Recognition (CVPR), 2010 IEEE Conference on},
  pages={998--1005},
  year={2010},
  organization={Ieee}
}

@article{park2010fast,
  title={Fast and automatic object pose estimation for range images on the GPU},
  author={Park, In Kyu and Germann, Marcel and Breitenstein, Michael D and Pfister, Hanspeter},
  journal={Machine Vision and Applications},
  volume={21},
  number={5},
  pages={749--766},
  year={2010},
  publisher={Springer}
}

@inproceedings{germann2007automatic,
  title={Automatic pose estimation for range images on the GPU},
  author={Germann, Marcel and Breitenstein, Michael D and Park, In Kyu and Pfister, Hanspeter},
  booktitle={3-D Digital Imaging and Modeling, 2007. 3DIM'07. Sixth International Conference on},
  pages={81--90},
  year={2007},
  organization={IEEE}
}

@inproceedings{hara2014growing,
  title={Growing regression forests by classification: Applications to object pose estimation},
  author={Hara, Kota and Chellappa, Rama},
  booktitle={European Conference on Computer Vision},
  pages={552--567},
  year={2014},
  organization={Springer}
}

@inproceedings{thachasongtham20133d,
  title={3D object pose estimation using viewpoint generative learning},
  author={Thachasongtham, Dissaphong and Yoshida, Takumi and De Sorbier, Fran{\c{c}}ois and Saito, Hideo},
  booktitle={Scandinavian Conference on Image Analysis},
  pages={512--521},
  year={2013},
  organization={Springer}
}

@inproceedings{rothganger20033d,
  title={3D object modeling and recognition using affine-invariant patches and multi-view spatial constraints},
  author={Rothganger, Fred and Lazebnik, Svetlana and Schmid, Cordelia and Ponce, Jean},
  booktitle={Computer Vision and Pattern Recognition, 2003. Proceedings. 2003 IEEE Computer Society Conference on},
  volume={2},
  pages={II--272},
  year={2003},
  organization={IEEE}
}

@inproceedings{schmid1996combining,
  title={Combining greyvalue invariants with local constraints for object recognition},
  author={Schmid, Cordelia and Mohr, Roger},
  booktitle={Computer Vision and Pattern Recognition, 1996. Proceedings CVPR'96, 1996 IEEE Computer Society Conference on},
  pages={872--877},
  year={1996},
  organization={IEEE}
}

@article{jones2003fast,
  title={Fast multi-view face detection},
  author={Jones, Michael and Viola, Paul},
  journal={Mitsubishi Electric Research Lab TR-20003-96},
  volume={3},
  pages={14},
  year={2003}
}

@inproceedings{xiong2013supervised,
  title={Supervised descent method and its applications to face alignment},
  author={Xiong, Xuehan and De la Torre, Fernando},
  booktitle={Proceedings of the IEEE conference on computer vision and pattern recognition},
  pages={532--539},
  year={2013}
}

@inproceedings{burgos2013robust,
  title={Robust face landmark estimation under occlusion},
  author={Burgos-Artizzu, Xavier P and Perona, Pietro and Doll{\'a}r, Piotr},
  booktitle={Proceedings of the IEEE International Conference on Computer Vision},
  pages={1513--1520},
  year={2013}
}

@inproceedings{kazemi2014one,
  title={One millisecond face alignment with an ensemble of regression trees},
  author={Kazemi, Vahid and Sullivan, Josephine},
  booktitle={Proceedings of the IEEE Conference on Computer Vision and Pattern Recognition},
  pages={1867--1874},
  year={2014}
}

@inproceedings{asthana2014incremental,
  title={Incremental face alignment in the wild},
  author={Asthana, Akshay and Zafeiriou, Stefanos and Cheng, Shiyang and Pantic, Maja},
  booktitle={Proceedings of the IEEE Conference on Computer Vision and Pattern Recognition},
  pages={1859--1866},
  year={2014}
}

@article{yang2014face,
  title={Face sketch landmarks localization in the wild},
  author={Yang, Heng and Zou, Changqing and Patras, Ioannis},
  journal={IEEE Signal Processing Letters},
  volume={21},
  number={11},
  pages={1321--1325},
  year={2014},
  publisher={IEEE}
}

@inproceedings{saragih2009face,
  title={Face alignment through subspace constrained mean-shifts},
  author={Saragih, Jason M and Lucey, Simon and Cohn, Jeffrey F},
  booktitle={Computer Vision, 2009 IEEE 12th International Conference on},
  pages={1034--1041},
  year={2009},
  organization={Ieee}
}

@article{cootes2001active,
  title={Active appearance models},
  author={Cootes, Timothy F. and Edwards, Gareth J. and Taylor, Christopher J.},
  journal={IEEE Transactions on pattern analysis and machine intelligence},
  volume={23},
  number={6},
  pages={681--685},
  year={2001},
  publisher={IEEE}
}

@inproceedings{ren2014face,
  title={Face alignment at 3000 fps via regressing local binary features},
  author={Ren, Shaoqing and Cao, Xudong and Wei, Yichen and Sun, Jian},
  booktitle={Proceedings of the IEEE Conference on Computer Vision and Pattern Recognition},
  pages={1685--1692},
  year={2014}
}

@inproceedings{sun2013deep,
  title={Deep convolutional network cascade for facial point detection},
  author={Sun, Yi and Wang, Xiaogang and Tang, Xiaoou},
  booktitle={Proceedings of the IEEE conference on computer vision and pattern recognition},
  pages={3476--3483},
  year={2013}
}

@inproceedings{burgos2013robust,
  title={Robust face landmark estimation under occlusion},
  author={Burgos-Artizzu, Xavier P and Perona, Pietro and Doll{\'a}r, Piotr},
  booktitle={Proceedings of the IEEE International Conference on Computer Vision},
  pages={1513--1520},
  year={2013}
}

@article{cao2014face,
  title={Face alignment by explicit shape regression},
  author={Cao, Xudong and Wei, Yichen and Wen, Fang and Sun, Jian},
  journal={International Journal of Computer Vision},
  volume={107},
  number={2},
  pages={177--190},
  year={2014},
  publisher={Springer}
}

@inproceedings{dantone2012real,
  title={Real-time facial feature detection using conditional regression forests},
  author={Dantone, Matthias and Gall, Juergen and Fanelli, Gabriele and Van Gool, Luc},
  booktitle={Computer Vision and Pattern Recognition (CVPR), 2012 IEEE Conference on},
  pages={2578--2585},
  year={2012},
  organization={IEEE}
}

@inproceedings{zhou2005image,
  title={Image based regression using boosting method},
  author={Zhou, Shaohua Kevin and Georgescu, Bogdan and Zhou, Xiang Sean and Comaniciu, Dorin},
  booktitle={Computer Vision, 2005. ICCV 2005. Tenth IEEE International Conference on},
  volume={1},
  pages={541--548},
  year={2005},
  organization={IEEE}
}

@article{duffy2002boosting,
  title={Boosting methods for regression},
  author={Duffy, Nigel and Helmbold, David},
  journal={Machine Learning},
  volume={47},
  number={2},
  pages={153--200},
  year={2002},
  publisher={Springer}
}

@article{friedman2001greedy,
  title={Greedy function approximation: a gradient boosting machine},
  author={Friedman, Jerome H},
  journal={Annals of statistics},
  pages={1189--1232},
  year={2001},
  publisher={JSTOR}
}

@inproceedings{dollar2010cascaded,
  title={Cascaded pose regression},
  author={Doll{\'a}r, Piotr and Welinder, Peter and Perona, Pietro},
  booktitle={Computer Vision and Pattern Recognition (CVPR), 2010 IEEE Conference on},
  pages={1078--1085},
  year={2010},
  organization={IEEE}
}

@article{kalal2012tracking,
  title={Tracking-learning-detection},
  author={Kalal, Zdenek and Mikolajczyk, Krystian and Matas, Jiri},
  journal={IEEE transactions on pattern analysis and machine intelligence},
  volume={34},
  number={7},
  pages={1409--1422},
  year={2012},
  publisher={IEEE}
}

@article{breiman2001random,
  title={Random forests},
  author={Breiman, Leo},
  journal={Machine learning},
  volume={45},
  number={1},
  pages={5--32},
  year={2001},
  publisher={Springer}
}

@article{shen2007euk,
  title={Euk-PLoc: an ensemble classifier for large-scale eukaryotic protein subcellular location prediction},
  author={Shen, H-B and Yang, Jie and Chou, K-C},
  journal={Amino acids},
  volume={33},
  number={1},
  pages={57--67},
  year={2007},
  publisher={Springer}
}

@article{hansen1990neural,
  title={Neural network ensembles},
  author={Hansen, Lars Kai and Salamon, Peter},
  journal={IEEE transactions on pattern analysis and machine intelligence},
  volume={12},
  number={10},
  pages={993--1001},
  year={1990},
  publisher={IEEE}
}

@inproceedings{zhou2002selectively,
  title={Selectively ensembling neural classifiers},
  author={Zhou, Zhi-Hua and Wu, Jianxin and Tang, Wei and Chen, Zhao-Qian},
  booktitle={Neural Networks, 2002. IJCNN'02. Proceedings of the 2002 International Joint Conference on},
  volume={2},
  pages={1411--1415},
  year={2002},
  organization={IEEE}
}

@article{zhou2002ensembling,
  title={Ensembling neural networks: many could be better than all},
  author={Zhou, Zhi-Hua and Wu, Jianxin and Tang, Wei},
  journal={Artificial intelligence},
  volume={137},
  number={1-2},
  pages={239--263},
  year={2002},
  publisher={Elsevier}
}

@inproceedings{kearns1996boosting,
  title={On the boosting ability of top-down decision tree learning algorithms},
  author={Kearns, Michael and Mansour, Yishay},
  booktitle={Proceedings of the twenty-eighth annual ACM symposium on Theory of computing},
  pages={459--468},
  year={1996},
  organization={ACM}
}

@article{schapire1990strength,
  title={The strength of weak learnability},
  author={Schapire, Robert E},
  journal={Machine learning},
  volume={5},
  number={2},
  pages={197--227},
  year={1990},
  publisher={Springer}
}
@article{breiman1996bagging,
  title={Bagging predictors},
  author={Breiman, Leo},
  journal={Machine learning},
  volume={24},
  number={2},
  pages={123--140},
  year={1996},
  publisher={Springer}
}

@techreport{cohen2005stacked,
  title={Stacked sequential learning},
  author={Cohen, William W},
  year={2005},
  institution={CARNEGIE-MELLON UNIV PITTSBURGH PA SCHOOL OF COMPUTER SCIENCE}
}

@article{vilalta2002perspective,
  title={A perspective view and survey of meta-learning},
  author={Vilalta, Ricardo and Drissi, Youssef},
  journal={Artificial Intelligence Review},
  volume={18},
  number={2},
  pages={77--95},
  year={2002},
  publisher={Springer}
}

@article{wolpert1992stacked,
  title={Stacked generalization},
  author={Wolpert, David H},
  journal={Neural networks},
  volume={5},
  number={2},
  pages={241--259},
  year={1992},
  publisher={Elsevier}
}

@inproceedings{valentini2002ensembles,
  title={Ensembles of learning machines},
  author={Valentini, Giorgio and Masulli, Francesco},
  booktitle={Italian Workshop on Neural Nets},
  pages={3--20},
  year={2002},
  organization={Springer}
}

@article{garcia2005cooperative,
  title={Cooperative coevolution of artificial neural network ensembles for pattern classification},
  author={Garc{\'\i}a-Pedrajas, Nicol{\'a}s and Herv{\'a}s-Mart{\'\i}nez, C{\'e}sar and Ortiz-Boyer, Domingo},
  journal={IEEE transactions on evolutionary computation},
  volume={9},
  number={3},
  pages={271--302},
  year={2005},
  publisher={IEEE}
}

@article{rodriguez2006rotation,
  title={Rotation forest: A new classifier ensemble method},
  author={Rodriguez, Juan Jos{\'e} and Kuncheva, Ludmila I and Alonso, Carlos J},
  journal={IEEE transactions on pattern analysis and machine intelligence},
  volume={28},
  number={10},
  pages={1619--1630},
  year={2006},
  publisher={IEEE}
}

@article{breiman2001random,
  title={Random forests},
  author={Breiman, Leo},
  journal={Machine learning},
  volume={45},
  number={1},
  pages={5--32},
  year={2001},
  publisher={Springer}
}

@article{liu2000evolutionary,
  title={Evolutionary ensembles with negative correlation learning},
  author={Liu, Yong and Yao, Xin and Higuchi, Tetsuya},
  journal={IEEE Transactions on Evolutionary Computation},
  volume={4},
  number={4},
  pages={380--387},
  year={2000},
  publisher={IEEE}
}

@article{mendes2012ensemble,
  title={Ensemble approaches for regression: A survey},
  author={Mendes-Moreira, Joao and Soares, Carlos and Jorge, Al{\'\i}pio M{\'a}rio and Sousa, Jorge Freire De},
  journal={ACM Computing Surveys (CSUR)},
  volume={45},
  number={1},
  pages={10},
  year={2012},
  publisher={ACM}
}

@article{basak2007support,
  title={Support vector regression},
  author={Basak, Debasish and Pal, Srimanta and Patranabis, Dipak Chandra},
  journal={Neural Information Processing-Letters and Reviews},
  volume={11},
  number={10},
  pages={203--224},
  year={2007}
}

@inproceedings{rublee2011orb,
  title={ORB: An efficient alternative to SIFT or SURF},
  author={Rublee, Ethan and Rabaud, Vincent and Konolige, Kurt and Bradski, Gary},
  booktitle={Computer Vision (ICCV), 2011 IEEE international conference on},
  pages={2564--2571},
  year={2011},
  organization={IEEE}
}

@article{calonder2010brief,
  title={Brief: Binary robust independent elementary features},
  author={Calonder, Michael and Lepetit, Vincent and Strecha, Christoph and Fua, Pascal},
  journal={Computer Vision--ECCV 2010},
  pages={778--792},
  year={2010},
  publisher={Springer}
}

@article{bay2006surf,
  title={Surf: Speeded up robust features},
  author={Bay, Herbert and Tuytelaars, Tinne and Van Gool, Luc},
  journal={Computer vision--ECCV 2006},
  pages={404--417},
  year={2006},
  publisher={Springer}
}

@inproceedings{lowe1999object,
  title={Object recognition from local scale-invariant features},
  author={Lowe, David G},
  booktitle={Computer vision, 1999. The proceedings of the seventh IEEE international conference on},
  volume={2},
  pages={1150--1157},
  year={1999},
  organization={Ieee}
}

@article{argall2009survey,
  title={A survey of robot learning from demonstration},
  author={Argall, Brenna D and Chernova, Sonia and Veloso, Manuela and Browning, Brett},
  journal={Robotics and autonomous systems},
  volume={57},
  number={5},
  pages={469--483},
  year={2009},
  publisher={Elsevier}
}

@incollection{billard2008robot,
  title={Robot programming by demonstration},
  author={Billard, Aude and Calinon, Sylvain and Dillmann, Ruediger and Schaal, Stefan},
  booktitle={Springer handbook of robotics},
  pages={1371--1394},
  year={2008},
  publisher={Springer}
}

@inproceedings{ozuysal2007fast,
  title={Fast keypoint recognition in ten lines of code},
  author={Ozuysal, Mustafa and Fua, Pascal and Lepetit, Vincent},
  booktitle={Computer Vision and Pattern Recognition, 2007. CVPR'07. IEEE Conference on},
  pages={1--8},
  year={2007},
  organization={Ieee}
}

@article{cao2014face,
  title={Face alignment by explicit shape regression},
  author={Cao, Xudong and Wei, Yichen and Wen, Fang and Sun, Jian},
  journal={International Journal of Computer Vision},
  volume={107},
  number={2},
  pages={177--190},
  year={2014},
  publisher={Springer}
}

@inproceedings{dollar2010cascaded,
  title={Cascaded pose regression},
  author={Doll{\'a}r, Piotr and Welinder, Peter and Perona, Pietro},
  booktitle={Computer Vision and Pattern Recognition (CVPR), 2010 IEEE Conference on},
  pages={1078--1085},
  year={2010},
  organization={IEEE}
}

